@article{Traub:2002,
 author = {Traub, J.~F. and Wo\'{z}niakowski, H.},
 title = {Path Integration on a Quantum Computer},
 journal = {Quant.~Inf.~Process.},
 issue_date = {October 2002},
 volume = {1},
 number = {5},
 month = oct,
 year = {2002},
 issn = {1570-0755},
 pages = {365--388},
 numpages = {24},
 url = {http://dx.doi.org/10.1023/A:1023417813916},
 doi = {10.1023/A:1023417813916},
 acmid = {767106},
 publisher = {Kluwer Academic Publishers},
 address = {Hingham, MA, USA},
 keywords = {Quantum computation, number of qubits, path integration, quantum queries, quantum speedup, quantum summation},
} 
@article{sciam, 
author={Elizabeth Gibney and Nature Magazine},
title={Quest for Quantum Computers Heats Up},
journal={Nature},
date={December 4, 2014},
url={http://www.scientificamerican.com/article/quest-for-quantum-computers-heats-up/}}