@misc{smuhpc_site,
        Howpublished = {{\tt https://wiki.smu.edu/display/smuhpc/SMUHPC}},
        Title = {{SMUHPC Cluster}}
}

@misc{smucsc_site,
        Howpublished = {{\tt http://www.smu.edu/Academics/CSC.aspx}},
        Title = {{SMU Center for Scientific Computation}}
}

@Article{TiedemanReynolds2011,
        author = 	 {H.C. Tiedeman and D.R. Reynolds},
        title = 	 {Scalable multilevel substructuring solvers for {PDEs}},
        year = 	 {in preparation},
}

@Book{Conte1972,
        author = 	 {S.D. Conte and C. deBoor},
        title = 	 {Elementary Numerical Analysis},
        publisher = 	 {McGraw-Hill},
        year = 	 {1972},
        address = 	 {New York},
}

@article{Farhat,
	Author = {C. Farhat and F.X. Roux},
	Date-Added = {2011-08-08 08:44:24 -0500},
	Date-Modified = {2011-08-08 08:46:52 -0500},
	Journal = {Int. J. Num. Meth. Eng.},
	Pages = {1205-1227},
	Title = {A Method of Finite Element Tearing and Interconnecting and its Parallel Solution Algorithm},
	Volume = {32},
	Year = {1991}}

@article{Mandel,
	Author = {J. Mandel},
	Date-Added = {2011-08-03 11:09:08 -0500},
	Date-Modified = {2011-08-03 11:10:42 -0500},
	Journal = {Comm. Num. Meth. Eng.},
	Pages = {233-241},
	Title = {Balancing Domain Decomposition},
	Volume = {9},
	Year = {1993}}

@article{Dohrmann,
	Author = {C. R. Dohrmann},
	Date-Added = {2011-08-03 11:07:01 -0500},
	Date-Modified = {2011-08-03 11:08:36 -0500},
	Journal = {SIAM J. Sci. Comput.},
	Number = {1},
	Pages = {246-258},
	Title = {A Preconditioner for Substructuring Based on Constrained Energy Minimization},
	Volume = {25},
	Year = {2003}}

@article{SaadFGMRES,
	Author = {Y. Saad},
	Date-Added = {2011-08-03 10:58:33 -0500},
	Date-Modified = {2011-08-03 11:05:25 -0500},
	Journal = {SIAM J. Sci. Stat. Comput.},
	Pages = {461-469},
	Title = {A Flexible Inner-Outer Preconditioned GMRES Algorithm},
	Volume = {14},
	Year = {1993}}

@article{TuLi,
	Author = {X. Tu and J. Li},
	Date-Added = {2011-08-03 10:52:22 -0500},
	Date-Modified = {2011-08-03 10:57:54 -0500},
	Journal = {Comm. App. Math. Comput. Sci.},
	Number = {1},
	Pages = {25-60},
	Read = {0},
	Title = {A Balancing Domain Decomposition Method by Constraints for Advection-Diffusion Problems},
	Volume = {3},
	Year = {2008}}

@article{BrinEtAl,
	Author = {J. Brin et al.},
	Journal = {J. Geophys. Res.},
	Pages = {3715-3719},
	Title = {Geospace {E}nvironmental {M}odeling ({G}{E}{M}) magnetic reconnection challenge},
	Volume = {106},
	Year = {2001}}

@article{EfstathiouGander2003,
	Author = {E. Efstathiou and M.J. Gander},
	Journal = {BIT Numerical Mathematics},
	Pages = {945--959},
	Title = {Why restricted additive {S}chwarz converges faster than additive {S}chwarz},
	Volume = {43},
	Year = {2003}}

@inbook{Ball,
	Author = {J.M. Ball},
	Chapter = {Constitutive inequalities and existence theorems in nonlinear elastostatics},
	Editor = {R.J. Knops},
	Publisher = {Pitman},
	Title = {Nonlinear Analysis and Mechanics, Heriot-Watt Symposium},
	Volume = {1},
	Year = {1977}}

@inproceedings{Ball2,
	Author = {J.M. Ball},
	Booktitle = {Proceedings of conference on 'Partial differential equations and continuum models of phase transitions'},
	Editor = {M. Rascle, D. Serre and M. Slemrod},
	Pages = {3-16},
	Series = {Springer Lecture Notes in Physics},
	Title = {A version of the fundamental theorem for {Y}oung measures},
	Volume = {359},
	Year = {1989}}

@conference{Ball3,
	Address = {Princeton, NJ},
	Author = {J.M. Ball},
	Booktitle = {An Introduction to Quasiconvexity (plenary lecture)},
	Month = {November},
	Organization = {Princeton University, Program in Applied and Computational Mathematics},
	Title = {Quasiconvexity and its Applications},
	Year = {2002}}

@techreport{BhattacharyaDolzmann,
	Address = {Leipzig},
	Author = {K. Bhattacharya and G. Dolzmann},
	Institution = {Max-Planck-Institut for Mathematics},
	Title = {Relaxation of Some Multi-Well Problems},
	Year = {1998}}

@article{BrownEtAl1989,
	Author = {P.N. Brown and G.D. Byrne and A.C. Hindmarsh},
	Journal = {SIAM J. Sci. Stat. Comput.},
	Pages = {1038-1051},
	Title = {{V}{O}{D}{E}, a Variable-Coefficient {O}{D}{E} Solver},
	Volume = {10},
	Year = {1989}}

@article{BrownHindmarsh1989,
	Author = {P.N. Brown and A.C. Hindmarsh},
	Journal = {J. Appl. Math. \& Comp.},
	Pages = {49-91},
	Title = {Reduced Storage Matrix Methods in Stiff {O}{D}{E} Systems},
	Volume = {31},
	Year = {1989}}

@inproceedings{Byrne92,
	Author = {G.D. Byrne},
	Title = {Pragmatic Experiments with {K}rylov Methods in the Stiff {O}{D}{E} Setting}}

@article{ByrneHindmarsh1975,
	Author = {G.D. Byrne and A.C. Hindmarsh},
	Journal = {ACM Trans. Math. Softw.},
	Pages = {71-96},
	Title = {A Polyalgorithm for the Numerical Solution of Ordinary Differential Equations},
	Volume = {1},
	Year = {1975}}

@article{chaconEtAl2002,
	Author = {L. Chac{\'o}n and D.A. Knoll and J.M. Finn},
	Journal = {J. Comput. Phys.},
	Pages = {15-36},
	Title = {An {I}mplicit, {N}onlinear {R}educed {R}esistive {M}{H}{D} {S}olver},
	Volume = {178},
	Year = {2002}}

@article{ChaconKnoll2003,
	Author = {L. Chac{\'o}n and D.A. Knoll},
	Journal = {J. Comput. Phys.},
	Pages = {573-592},
	Title = {A 2{D} high-$\beta$ {H}all {M}{H}{D} implicit nonlinear solver},
	Volume = {188},
	Year = {2003}}

@book{Dacorogna,
	Address = {Berlin},
	Author = {B. Dacorogna},
	Publisher = {Springer-Verlag},
	Title = {Direct methods in the calculus of variations},
	Year = {1989}}

@article{DemboEisenstatSteihaug1982,
	Author = {R.S. Dembo and S.C. Eisenstat and T. Steihaug},
	Journal = {SIAM J. Numer. Anal.},
	Pages = {400-408},
	Title = {Inexact {N}ewton Methods},
	Volume = {19},
	Year = {1982}}

@article{EisenstatWalker1994,
	Author = {S.C. Eisenstat and H.F. Walker},
	Journal = {SIAM J. Optimization},
	Pages = {393-422},
	Title = {Globally Convergent Inexact {N}ewton Methods},
	Volume = {4},
	Year = {1994}}

@article{EisenstatWalker1996,
	Author = {S.C. Eisenstat and H.F. Walker},
	Journal = {SIAM J. Sci. Comput.},
	Pages = {16-32},
	Title = {Choosing the Forcing Terms in an Inexact {N}ewton Method},
	Volume = {17},
	Year = {1996}}

@inproceedings{FalgoutYang2002,
	Author = {R.D. Falgout and U.M. Yang},
	Booktitle = {Computational Science- ICCS 2002 Part III},
	Editor = {P.M.A. Sloot and C.J.K. Tan and J.J. Dongarra and A.G. Heokstra},
	Pages = {632-641},
	Publisher = {Springer-Verlag},
	Title = {{\em hypre}: a Library of High Performance Preconditioners},
	Year = {2002}}

@inbook{FalgoutJonesYang2005,
	Author = {R.D. Falgout and J.E. Jones and U.M. Yang},
	Chapter = {Numerical Solution of Partial Differential Equations on Parallel Computers},
	Editor = {A.M. Bruaset and P. Bj\orstad and A. Tveito},
	Publisher = {Springer-Verlag},
	Title = {The Design and Implementation of {\em hypre}, a Library of Parallel High Performance Preconditioners},
	Year = {2005}}

@book{book-GoldstonRutherford,
	Address = {Bristol and Philadelphia},
	Author = {R.J. Goldston and P.H. Rutherford},
	Publisher = {Institute of Physics Publishing},
	Title = {Introduction to Plasma Physics},
	Year = {1997}}

@article{GroppEtAl2000,
	Author = {W.D. Gropp and D.E. Keyes and L.C. Mc{I}nnes and M.D. Tidriri},
	Journal = {Int. J. High Performance Computing Applications},
	Pages = {102-136},
	Title = {Globalized Newton-Krylov-Schwarz Algorithms and Software for Parallel Implicit {C}{F}{D}},
	Volume = {14},
	Year = {2000}}

@techreport{Hindmarsh2000,
	Author = {A.C. Hindmarsh},
	Institution = {LLNL},
	Month = {Dec},
	Number = {UCRL-ID-141558},
	Title = {The {P}{V}{O}{D}{E} and {I}{D}{A} Algorithms},
	Year = {2000}}

@article{HindmarshEtAl2004,
	Author = {A.C. Hindmarsh and P.N. Brown and K.E. Grant and S.L. Lee and R. Serban and D.E. Shumaker and C.S. Woodward},
	Journal = {ACM Trans. Math. Softw.},
	Number = {submitted},
	Title = {\mbox{SUNDIALS}, Suite of Nonlinear and Differential/Algebraic Equation Solvers},
	Year = {2004}}

@article{JacksonSacksDavis1980,
	Author = {K.R. Jackson and R. Sacks-Davis},
	Journal = {ACM Trans. Math. Softw.},
	Pages = {295-318},
	Title = {An Alternative Implementation of Variable Step-Size Multistep Formulas for Stiff {O}{D}{E}s},
	Volume = {6},
	Year = {1980}}

@article{KnollKeyes2004,
	Author = {D.~A. Knoll and D.~E. Keyes},
	Journal = {J. Comput. Phys.},
	Pages = {357--397},
	Title = {{Jacobian-free Newton-Krylov methods: a survey of approaches and applications}},
	Volume = {193},
	Year = {2004}}

@book{Kelley1995,
	Address = {Philadelphia},
	Author = {C.~T. Kelley},
	Publisher = {SIAM},
	Series = {Frontiers Appl. Math.},
	Title = {Iterative Methods for Linear and Nonlinear Equations},
	Year = {1995}}

@incollection{LevyGomez2,
	Author = {S. Gomez and A.V. Levy},
	Booktitle = {Lecture Notes in Mathematics},
	Pages = {34-47},
	Publisher = {Springer-Verlag},
	Title = {The Tunnelling Method for Solving the Constrained Global Optimization Problem with Several Non-Connected Feasible Regions},
	Volume = {909},
	Year = {1982}}

@mastersthesis{Magana,
	Address = {Houston, TX},
	Author = {N.E. Magana},
	Month = {May},
	School = {Rice University - Dept. of Mechanical Engineering and Materials Science},
	Title = {Evaluation of Superelastic Nitinol as a Shielding Material for Hypervelocity Impact},
	Year = {1999}}

@misc{sundials_site,
	Howpublished = {{\tt https://computation.llnl.gov/casc/sundials/main.html}},
	Title = {{Sundials}}}

@misc{hypre_site,
	Howpublished = {{\tt https://computation.llnl.gov/casc/hypre/software.html}},
	Title = {{Hypre}}}

@misc{superlu_site,
	Howpublished = {{\tt http://crd.lbl.gov/$\sim$xiaoye/SuperLU/}},
	Title = {{SuperLU}}}

@misc{OpenAD_site,
	Howpublished = {{\tt http://www.mcs.anl.gov/OpenAD}},
	Title = {{OpenAD}}}

@article{powellEtAl1999,
	Author = {K.G. Powell and P.L. Roe and T.J. Linde and T.I. Gombosi and D.L. De{Z}eeuw},
	Journal = {J. Comput. Phys.},
	Pages = {284-300},
	Title = {A {S}olution-{A}daptive {U}pwind {S}cheme for {I}deal {M}agnetohydrodynamics},
	Volume = {154},
	Year = {1999}}

@article{Rannacher1982,
	Author = {M. Luskin and R. Rannacher},
	Journal = {Applicable Anal.},
	Pages = {117-135},
	Title = {On the smoothing property of the {C}rank-{N}icolson scheme},
	Volume = {14},
	Year = {1982/83}}

@article{Rannacher1984,
	Author = {R. Rannacher},
	Journal = {Numer. Math.},
	Pages = {309-327},
	Title = {Finite element solution of diffusion problems with irregular data},
	Volume = {43},
	Year = {1984}}

@phdthesis{Reynolds,
	Address = {Houston, Texas},
	Author = {D.R. Reynolds},
	Month = {May},
	School = {Rice University},
	Title = {A Nonlinear Thermodynamic Model for Phase Transitions in Shape Memory Alloy Wires},
	Year = {2003}}

@article{ReynoldsSamtaney2011,
	Author = {D.R. Reynolds and R. Samtaney},
	Journal = {(in preparation)},
	Title = {Sparse Jacobian Construction for Mapped Grid Visco-Resistive Magnetohydrodynamics},
	Year = {2011}}

@article{ReynoldsSamtaneyWoodward2006,
	Author = {D.R. Reynolds and R. Samtaney and C.S. Woodward},
	Journal = {J. Comput. Phys.},
	Pages = {144--162},
	Title = {A Fully Implicit Numerical Method for Single-Fluid Resistive Magnetohydrodynamics},
	Volume = {219},
	Year = {2006}}

@article{ReynoldsSamtaneyWoodward2010,
	Author = {D.R. Reynolds and R. Samtaney and C.S. Woodward},
	Journal = {SIAM J. Sci. Comput.},
	Pages = {150--170},
	Title = {Operator-based preconditioning of stiff hyperbolic systems},
	Volume = {32},
	Year = {2010}}

@unpublished{RybkaHoffmann,
	Author = {P. Rybka and K.-H. Hoffmann},
	Note = {manuscript},
	Title = {Asymptotic for an equation related to martensitic phase transition},
	Year = {1997}}

@article{TokmanBellan2002,
	Author = {M. Tokman and P.M. Bellan},
	Journal = {The Astrophysical Journal},
	Pages = {1202-1210},
	Title = {Three-dimensional Model of the Structure and Evolution of Coronal Mass Ejections},
	Volume = {567},
	Year = {2002}}

@article{Utke2008OAM,
	Author = {J. Utke and U. Naumann and M. Fagan and N. Tallent and M. Strout and P. Heimbach and C. Hill and C. Wunsch},
	Journal = {{ACM} Transactions on Mathematical Software},
	Number = {4},
	Pages = {18:1--18:36},
	Title = {Open{AD/F}: A Modular, Open-Source Tool for Automatic Differentiation of {Fortran} Codes},
	Volume = {34},
	Year = {2008}}

@techreport{UtkeOUM,
	Author = {J. Utke and U. Naumann and A. Lyons},
	Institution = {Argonne National Laboratory},
	Note = {{\tt http://www.mcs.anl.gov/OpenAD/openad.pdf}},
	Title = {{OpenAD/F: User Manual}}}
